@misc{kaarta_traak,
    title     = "Traak - KAARTA",
    url       = "https://www.kaarta.com/products/traak"
}

@misc{tunnel_rules,
	title = "SubT Challenge Tunnel rules",
	url = "https://subtchallenge.com/resources/SubT\_Challenge\_Tunnel\_Rules.pdf"
}